@Misc{Yadan2019Hydra,
  author =       {Omry Yadan},
  title =        {Hydra - A framework for elegantly configuring complex applications},
  howpublished = {Github},
  year =         {2019},
  url =          {https://github.com/facebookresearch/hydra}
}

@online{kim2020resnetaudio,
  author = {Hyeongchan Kim},
  title = {Detecting Sounds with Deep Learning},
  date = {16 December 2020},
  url = {https://towardsdatascience.com/detecting-sounds-with-deep-learning-ed9a41909da0},
}